
@misc
{ref1,
author={Learning analytics},
title={Le portail du numérique dans l'enseignement supérieur},
month={fev},
year={2017},
note={www.sup-numerique.gouv.fr/cid113065/learning-analytics-une-tendance-emergente-dans-l-education.html}
}

@misc
{ref2,
author={VINCENT BONNEAU ET JEAN-DOMINIQUE SÉVAL - LES ECHOS},
title={ Vers une crise de confiance numérique ?
},
month={sep},
year={2016},
note={https://www.lesechos.fr/23/09/2016/LesEchos/22283-043-ECH_vers-une-crise-de-confiance-numerique--.htm}
}
@misc
{ref8,
author={Jean-Luc Gurtner, Joris Felder et Nicole Furlan},
title={Comment faire le lien entre l’apprentissage dans l’entreprise et à l’école},
month={fev},
year={2017},
note={https://www.sgab-srfp.ch/fr/newsletter/comment-faire-le-lien-entre-lapprentissage-dans-lentreprise-et-lecole?fbclid=IwAR0oIbKcl1nbdVJqCLM87XbORRXRXb5swWGzxTaMHzFkZYSGWnLbi9XqJT0}
}

@misc
{ref9,
author={},
title={Android},
month={oct},
year={2018},
note={https://wiki.openstreetmap.org/wiki/Android}
}


@misc
{ref6,
author={},
title={Transformateur Numérique : Daytripper un carnet de route numérique},
month={mai},
year={2017},
note={https://www.anact.fr/transformateur-numerique-daytripper-un-carnet-de-route-numerique}
}

